<?xml version="1.0" encoding="UTF-8"?>
<SOAP-ENV:Envelope xmlns:SOAP-ENV="http://schemas.xmlsoap.org/soap/envelope/" xmlns:of="http://oss.dbc.dk/ns/openformat" xmlns:ofo="http://oss.dbc.dk/ns/openformatoutput"><SOAP-ENV:Body><of:formatResponse><marc:record xmlns:marc="http://www.loc.gov/MARC21/slim"><leader>00000nam a22000000c 4500</leader><controlfield tag="001">150000:20110324092820</controlfield><controlfield tag="003">DKDLA</controlfield><controlfield tag="005">20110328000000.0</controlfield><controlfield tag="007">cr||||</controlfield><controlfield tag="007">t|</controlfield><controlfield tag="008">110324s2011    ||||||||||||| 00||udan||</controlfield><datafield ind1=" " ind2="0" tag="245"><subfield code="a">Narkotika</subfield></datafield><datafield ind1=" " ind2=" " tag="260"><subfield code="b">Bibliotekernes Juraport,</subfield><subfield code="c">2011</subfield></datafield><datafield ind1="0" ind2=" " tag="710"><subfield code="a">Bibliotekernes Juraport</subfield></datafield><datafield ind1=" " ind2=" " tag="856"><subfield code="u">http://www.juraport.dk/narkotika.asp</subfield></datafield></marc:record></of:formatResponse></SOAP-ENV:Body></SOAP-ENV:Envelope>
